@article{DBLP:journals/corr/MnihKSGAWR13,
  author    = {Volodymyr Mnih and
               Koray Kavukcuoglu and
               David Silver and
               Alex Graves and
               Ioannis Antonoglou and
               Daan Wierstra and
               Martin A. Riedmiller},
  title     = {Playing Atari with Deep Reinforcement Learning},
  journal   = {CoRR},
  volume    = {abs/1312.5602},
  year      = {2013},
  url       = {http://arxiv.org/abs/1312.5602},
  archivePrefix = {arXiv},
  eprint    = {1312.5602},
  timestamp = {Mon, 13 Aug 2018 16:47:42 +0200},
  biburl    = {https://dblp.org/rec/bib/journals/corr/MnihKSGAWR13},
  bibsource = {dblp computer science bibliography, https://dblp.org}
}

@article{healthcare,
author		= {Andre Esteva and
			   Alexandre Robicquet and
			   Bharath Ramsundar and
			   Volodymyr Kuleshov and
			   Mark DePristo and
			   Katherine Chou and
			   Claire Cui and
			   Greg Corrado and
			   Sebastian Thrun and
			   Jeff Dean },
title		= {A guide to deep learning in healthcare},
journal		= {Nature Medecine},
year		= {2019},
url			= {https://www.nature.com/articles/s41591-018-0316-z}
}

@inproceedings{bakker2002reinforcement,
  title={Reinforcement learning with long short-term memory},
  author={Bakker, Bram},
  booktitle={Advances in neural information processing systems},
  pages={1475--1482},
  year={2002}
}

@inproceedings{sutton1996generalization,
  title={Generalization in reinforcement learning: Successful examples using sparse coarse coding},
  author={Sutton, Richard S},
  booktitle={Advances in neural information processing systems},
  pages={1038--1044},
  year={1996}
}

@misc{rlblogpost,
    title={Deep Reinforcement Learning Doesn't Work Yet},
    author={Irpan, Alex},
    howpublished={\url{https://www.alexirpan.com/2018/02/14/rl-hard.html}},
    year={2018}
}

@misc{ wiki:learned_helplessness,
  author = {{Learned Helplessness}},
  title = "{W}ikipedia{,} The Free Encyclopedia",
  year = "2019",
  howpublished={\url{https://en.wikipedia.org/wiki/Learned_helplessness}},
}

@inproceedings{tsitsiklis1997analysis,
  title={Analysis of temporal-diffference learning with function approximation},
  author={Tsitsiklis, John N and Van Roy, Benjamin},
  booktitle={Advances in neural information processing systems},
  pages={1075--1081},
  year={1997}
}

@article{watkins1992q,
  title={Q-learning},
  author={Watkins, Christopher JCH and Dayan, Peter},
  journal={Machine learning},
  volume={8},
  number={3-4},
  pages={279--292},
  year={1992},
  publisher={Springer}
}

@inproceedings{mnih2016asynchronous,
  title={Asynchronous methods for deep reinforcement learning},
  author={Mnih, Volodymyr and Badia, Adria Puigdomenech and Mirza, Mehdi and Graves, Alex and Lillicrap, Timothy and Harley, Tim and Silver, David and Kavukcuoglu, Koray},
  booktitle={International conference on machine learning},
  pages={1928--1937},
  year={2016}
}

@inproceedings{van2016deep,
  title={Deep reinforcement learning with double q-learning},
  author={Van Hasselt, Hado and Guez, Arthur and Silver, David},
  booktitle={Thirtieth AAAI Conference on Artificial Intelligence},
  year={2016}
}

@inproceedings{hessel2018rainbow,
  title={Rainbow: Combining improvements in deep reinforcement learning},
  author={Hessel, Matteo and Modayil, Joseph and Van Hasselt, Hado and Schaul, Tom and Ostrovski, Georg and Dabney, Will and Horgan, Dan and Piot, Bilal and Azar, Mohammad and Silver, David},
  booktitle={Thirty-Second AAAI Conference on Artificial Intelligence},
  year={2018}
}

@misc{ github:bear_grylls_project,
  author = {{Erwan Simon}},
  title = "Bear Grylls Project",
  year = "2019",
  howpublished={\url{https://github.com/erwan-simon/bear_grylls_project}},
}